
%% BibFile.bib
\bibliographystyle{GBT7714-2015}

%第一章
@article{bloch2005ultracold,
  title={Ultracold quantum gases in optical lattices},
  author={Bloch, Immanuel},
  journal={Nature physics},
  volume={1},
  number={1},
  pages={23--30},
  year={2005},
  publisher={Nature Publishing Group UK London}
}

@article{bloch2008many,
  title = {Many-body physics with ultracold gases},
  author = {Bloch, Immanuel and Dalibard, Jean and Zwerger, Wilhelm},
  journal = {Rev. Mod. Phys.},
  volume = {80},
  issue = {3},
  pages = {885--964},
  numpages = {0},
  year = {2008},
  month = {Jul},
  publisher = {American Physical Society}
}

@inproceedings{petrov2004low,
  title={Low-dimensional trapped gases},
  author={Petrov, DS and Gangardt, Dimitri M and Shlyapnikov, Gora V},
  booktitle={J. Phys. IV France},
  volume={116},
  pages={5--44},
  year={2004},
  organization={EDP sciences}
}

@article{hadzibabic2006berezinskii,
  title={Berezinskii--Kosterlitz--Thouless crossover in a trapped atomic gas},
  author={Hadzibabic, Zoran and Kr{\"u}ger, Peter and Cheneau, Marc and Battelier, Baptiste and Dalibard, Jean},
  journal={Nature},
  volume={441},
  number={7097},
  pages={1118--1121},
  year={2006},
  publisher={Nature Publishing Group UK London}
}

@article{lamporesi2010scattering,
   title = {Scattering in Mixed Dimensions with Ultracold Gases},
  author = {Lamporesi, G. and Catani, J. and Barontini, G. and Nishida, Y. and Inguscio, M. and Minardi, F.},
  journal = {Phys. Rev. Lett.},
  volume = {104},
  issue = {15},
  pages = {153202},
  numpages = {4},
  year = {2010},
  month = {Apr},
  publisher = {American Physical Society}
}

@article{fallani2008bose,
  series = {Advances In Atomic, Molecular, and Optical Physics},
  title = {Bose–Einstein Condensates in Disordered Potentials},
  author = {Leonardo Fallani and Chiara Fort and Massimo Inguscio},
  publisher = {Academic Press},
  volume = {56},
  pages = {119-160},
  year = {2008},
  issn = {1049-250X}
}

@article{bouyer2009anderson,
  title={Anderson localization of matter waves},
  author={Bouyer, Philippe},
  journal={Annalen der Physik},
  volume={521},
  number={12},
  pages={844--848},
  year={2009},
  publisher={Wiley Online Library}
}

@article{clement2008density,
   title = {Density modulations in an elongated Bose-Einstein condensate released from a disordered potential},
  author = {Cl\'ement, D. and Bouyer, P. and Aspect, A. and Sanchez-Palencia, L.},
  journal = {Phys. Rev. A},
  volume = {77},
  issue = {3},
  pages = {033631},
  numpages = {5},
  year = {2008},
  month = {Mar},
  publisher = {American Physical Society}
}

@article{dagnino2009vortex,
  title={Vortex nucleation as a case study of symmetry breaking in quantum systems},
  author={Dagnino, D and Barber{\'a}n, N and Lewenstein, M and Dalibard, J},
  journal={Nature Physics},
  volume={5},
  number={6},
  pages={431--437},
  year={2009},
  publisher={Nature Publishing Group UK London}
}
@article{becker2010ultracold,
  title={Ultracold quantum gases in triangular optical lattices},
  author={Becker, C and Soltan-Panahi, P and Kronjaeger, Jochen and D{\"o}rscher, S and Bongs, Kai and Sengstock, K},
  journal={New Journal of Physics},
  volume={12},
  number={6},
  pages={65025},
  year={2010},
  publisher={IOP Publishing}
}

@article{maschler2005cold,
   title = {Cold Atom Dynamics in a Quantum Optical Lattice Potential},
  author = {Maschler, Christoph and Ritsch, Helmut},
  journal = {Phys. Rev. Lett.},
  volume = {95},
  issue = {26},
  pages = {260401},
  numpages = {4},
  year = {2005},
  month = {Dec},
  publisher = {American Physical Society}
}

@article{larson2008mott,
   title = {Mott-Insulator States of Ultracold Atoms in Optical Resonators},
  author = {Larson, Jonas and Damski, Bogdan and Morigi, Giovanna and Lewenstein, Maciej},
  journal = {Phys. Rev. Lett.},
  volume = {100},
  issue = {5},
  pages = {050401},
  numpages = {4},
  year = {2008},
  month = {Feb},
  publisher = {American Physical Society}
}

@article{mintert2001ion,
  title = {Ion-Trap Quantum Logic Using Long-Wavelength Radiation},
  author = {Mintert, Florian and Wunderlich, Christof},
  journal = {Phys. Rev. Lett.},
  volume = {87},
  issue = {25},
  pages = {257904},
  numpages = {4},
  year = {2001},
  month = {Nov},
  publisher = {American Physical Society}
}

@article{porras2004effective,
   title = {Effective Quantum Spin Systems with Trapped Ions},
  author = {Porras, D. and Cirac, J. I.},
  journal = {Phys. Rev. Lett.},
  volume = {92},
  issue = {20},
  pages = {207901},
  numpages = {4},
  year = {2004},
  month = {May},
  publisher = {American Physical Society}
}

@article{jaksch2003creation,
  title={Creation of effective magnetic fields in optical lattices: the Hofstadter butterfly forcold neutral atoms},
  author={Jaksch, Dieter and Zoller, Peter},
  journal={New Journal of Physics},
  volume={5},
  number={1},
  pages={56},
  year={2003},
  publisher={IOP Publishing}
}

@article{inouye1998observation,
  title={Observation of Feshbach resonances in a Bose--Einstein condensate},
  author={Inouye, Shin and Andrews, MR and Stenger, J and Miesner, H-J and Stamper-Kurn, Dan M and Ketterle, W},
  journal={Nature},
  volume={392},
  number={6672},
  pages={151--154},
  year={1998},
  publisher={Nature Publishing Group UK London}
}

@article{timmermans1999feshbach,
  title={Feshbach resonances in atomic Bose--Einstein condensates},
  author={Timmermans, Eddy and Tommasini, Paolo and Hussein, Mahir and Kerman, Arthur},
  journal={Physics Reports},
  volume={315},
  number={1-3},
  pages={199--230},
  year={1999},
  publisher={Elsevier}
}

@article{fedichev1996influence,
  title = {Influence of Nearly Resonant Light on the Scattering Length in Low-Temperature Atomic Gases},
  author = {Fedichev, P. O. and Kagan, Yu. and Shlyapnikov, G. V. and Walraven, J. T. M.},
  journal = {Phys. Rev. Lett.},
  volume = {77},
  issue = {14},
  pages = {2913--2916},
  numpages = {0},
  year = {1996},
  month = {Sep},
  publisher = {American Physical Society}
}

@article{thalhammer2005inducing,
  title = {Inducing an optical Feshbach resonance via stimulated Raman coupling},
  author = {Thalhammer, Gregor and Theis, Matthias and Winkler, Klaus and Grimm, Rudolf and Denschlag, Johannes Hecker},
  journal = {Phys. Rev. A},
  volume = {71},
  issue = {3},
  pages = {033403},
  numpages = {8},
  year = {2005},
  month = {Mar},
  publisher = {American Physical Society}
}

@article{bauer2009control,
  title={Control of a magnetic Feshbach resonance with laser light},
  author={Bauer, Dominik M and Lettner, Matthias and Vo, Christoph and Rempe, Gerhard and D{\"u}rr, Stephan},
  journal={Nature Physics},
  volume={5},
  number={5},
  pages={339--342},
  year={2009},
  publisher={Nature Publishing Group UK London}
}

@article{baranov2002ultracold,
  title={Ultracold dipolar gases--a challenge for experiments and theory},
  author={Baranov, Mikhail and G{\'o}ral, K and Santos, L and Lewenstein, M and others},
  journal={Physica Scripta},
  volume={2002},
  number={T102},
  pages={74},
  year={2002},
  publisher={IOP Publishing}
}


@article{lahaye2009physics,
  title={The physics of dipolar bosonic quantum gases},
  author={Lahaye, Thierry and Menotti, C and Santos, L and Lewenstein, M and Pfau, T},
  journal={Reports on Progress in Physics},
  volume={72},
  number={12},
  pages={126401},
  year={2009},
  publisher={IOP Publishing}
}

@article{griesmaier2005bose,
   title = {Bose-Einstein Condensation of Chromium},
  author = {Griesmaier, Axel and Werner, J\"org and Hensler, Sven and Stuhler, J\"urgen and Pfau, Tilman},
  journal = {Phys. Rev. Lett.},
  volume = {94},
  issue = {16},
  pages = {160401},
  numpages = {4},
  year = {2005},
  month = {Apr},
  publisher = {American Physical Society}
}

@article{stuhler2005magnetostriction,
  title={Magnetostriction in a degenerate dipolar quantum gas},
  author={Stuhler, J and Griesmaier, A and Koch, T and Fattori, M and Pfau, T and Giovanazzi, S and Pedri, P and Santos, L},
  journal={Phys Rev Lett},
  volume={95},
  pages={150406},
  year={2005}
}

@article{ni2008high,
  title={A high phase-space-density gas of polar molecules},
  author={Ni, K-K and Ospelkaus, S and De Miranda, MHG and Pe'Er, A and Neyenhuis, B and Zirbel, JJ and Kotochigova, S and Julienne, PS and Jin, DS and Ye, Jun},
  journal={science},
  volume={322},
  number={5899},
  pages={231--235},
  year={2008},
  publisher={American Association for the Advancement of Science}
}

@article{jaksch1999entanglement,
  title = {Entanglement of Atoms via Cold Controlled Collisions},
  author = {Jaksch, D. and Briegel, H.-J. and Cirac, J. I. and Gardiner, C. W. and Zoller, P.},
  journal = {Phys. Rev. Lett.},
  volume = {82},
  issue = {9},
  pages = {1975--1978},
  numpages = {0},
  year = {1999},
  month = {Mar},
  publisher = {American Physical Society}
}

@article{mandel2003controlled,
  title={Controlled collisions for multi-particle entanglement of optically trapped atoms},
  author={Mandel, Olaf and Greiner, Markus and Widera, Artur and Rom, Tim and H{\"a}nsch, Theodor W and Bloch, Immanuel},
  journal={Nature},
  volume={425},
  number={6961},
  pages={937--940},
  year={2003},
  publisher={Nature Publishing Group UK London}
}

@article{della2007designing,
  title = {Designing potentials by sculpturing wires},
  author = {Della Pietra, Leonardo and Aigner, Simon and vom Hagen, Christoph and Groth, S\"onke and Bar-Joseph, Israel and Lezec, Henri J. and Schmiedmayer, J\"org},
  journal = {Phys. Rev. A},
  volume = {75},
  issue = {6},
  pages = {063604},
  numpages = {6},
  year = {2007},
  month = {Jun},
  publisher = {American Physical Society}
}

@article{hofferberth2006radiofrequency,
  title={Radiofrequency-dressed-state potentials for neutral atoms},
  author={Hofferberth, S and Lesanovsky, Igor and Fischer, B and Verdu, J and Schmiedmayer, J{\"o}rg},
  journal={Nature Physics},
  volume={2},
  number={10},
  pages={710--716},
  year={2006},
  publisher={Nature Publishing Group UK London}
}

@article{bakr2009quantum,
  title={A quantum gas microscope for detecting single atoms in a Hubbard-regime optical lattice},
  author={Bakr, Waseem S and Gillen, Jonathon I and Peng, Amy and F{\"o}lling, Simon and Greiner, Markus},
  journal={Nature},
  volume={462},
  number={7269},
  pages={74--77},
  year={2009},
  publisher={Nature Publishing Group UK London}
}

@article{ashcroft1976solid,
  title={Solid state},
  author={Ashcroft, Neil W and Mermin, ND},
  journal={Physics (New York: Holt, Rinehart and Winston) Appendix C},
  volume={1},
  year={1976}
}

@article{abramowitz1964handbook,
  title={Handbook of mathematical functions, National Bureau of Standards},
  author={Abramowitz, Milton},
  journal={Applied Mathematics Series},
  number={55},
  year={1964}
}

@book{zhai2021ultracold,
  title={Ultracold atomic physics},
  author={Zhai, Hui},
  year={2021},
  publisher = {Cambridge University Press}
}

@article{Guo2016,
  title={光晶格中的冷原子},
  author={郭文祥 and 刘伍明},
  journal={物理},
  volume={45},
  number={6},
  pages={8},
  year={2016},
}

@phdthesis{Xu2008,
  title={漏斗势中超冷玻色子动力学行为及其费米化的研究},
  author={许广元},
  school={扬州大学},
  address={扬州},
  year={2008}
}

@phdthesis{HuiNingju2013,
  author={惠宁菊},
  title={多分量超冷玻色系统的动力学和量子相变},
  author={惠宁菊},
  address={杭州},
  year={2013},
  school={浙江大学}
}


@mastersthesis{Yang2019,
author={杨国全},
title={玻色―爱因斯坦凝聚体中涡旋偶极子的动力学研究},
school={山西大学},
address={太原},
year={2019}
}

@phdthesis{Gao2023,
  title={基于超冷原子人造规范场的量子模拟},
  author={高春平},
  school={山西大学},
  address={太原},
  year={2023}
}

@phdthesis{Wanglimin2015,
  title={一维光晶格中两任意子关联性质的研究},
  author={王丽敏},
  school={山西大学},
  address={太原},
  year={2015}
}

@mastersthesis{CHN/delay/Zhao2021,
author={赵璐捷},
title={择校问题中的“同意”选项——延迟接受算法的首位交易环改进},
school={西南财经大学},
address={成都},
year={2021},
type={硕士论文},
month={},
lang={zh},
}




@book{griffin1996bose,
  title={Bose-einstein condensation},
  author={Griffin, Allan and Snoke, David W and Stringari, Sandro},
  year={1996},
  publisher={Cambridge University Press}
}


@book{Lewenstein2012,
  title={Ultracold Atoms in Optical Lattices: Simulating quantum many-body systems},
  author={Lewenstein M, Sanpera A},
  year={2012},
  publisher={Oxford University Press}
}

@article{Cazalilla2004,
  author = {Cazalilla, M. A.},
  title = {Bosonization of one-dimensional cold atomic gases},
  journal = {Journal of Physics B: Atomic, Molecular and Optical Physics},
  year = {2004},
  volume = {37},
  number = {7},
  pages = {S1--S47}
}

@book{Giamarchi2004,
  author = {Giamarchi, T.},
  title = {Quantum Physics in One Dimension},
  publisher = {Oxford University Press},
  year = {2004}
}

@book{Gogolin2004,
  author = {Gogolin, A. O. and Nersesyan, A. A. and Tsvelik, A. M.},
  title = {Bosonization and Strongly Correlated Systems},
  publisher = {Cambridge University Press},
  year = {2004}
}

@article{Korepin1994,
  author = {Korepin, V. E. and Essler, F. H. L.},
  title = {Exactly Solvable Models of Strongly Correlated Electrons},
  journal = {World Scientific},
  year = {1994}
}

@article{Korepin1997,
  author = {Korepin, V. E. and Bogoliubov, N. M. and Izergin, A. G.},
  title = {Quantum Inverse Scattering Method and Correlation Functions},
  journal = {Cambridge University Press},
  year = {1997}
}

@book{Essler2005,
  author = {Essler, F. H. L. and Frahm, H. and G\"{o}hmann, F. and Kl\"{u}mper, A. and Korepin, V. E.},
  title = {The One-Dimensional Hubbard Model},
  publisher = {Cambridge University Press},
  year = {2005}
}

@book{Sachdev1999,
  author = {Sachdev, S.},
  title = {Quantum Phase Transitions},
  publisher = {Cambridge University Press},
  year = {1999}
}

@book{Tsvelik2003,
  author = {Tsvelik, A. M.},
  title = {Quantum Field Theory in Condensed Matter Physics},
  publisher = {Cambridge University Press},
  year = {2003}
}


%new_right
@article{rokhsar1991gutzwiller,
   title = {Gutzwiller projection for bosons},
  author = {Rokhsar, Daniel S. and Kotliar, B. G.},
  journal = {Phys. Rev. B},
  volume = {44},
  issue = {18},
  pages = {10328--10332},
  numpages = {0},
  year = {1991},
  month = {Nov},
  publisher = {American Physical Society}
}

@article{sheshadri1993superfluid,
  title={Superfluid and insulating phases in an interacting-boson model: Mean-field theory and the RPA},
  author={Sheshadri, K and Krishnamurthy, HR and Pandit, Rahul and Ramakrishnan, TV},
  journal={Europhysics Letters},
  volume={22},
  number={4},
  pages={257},
  year={1993},
  publisher={IOP Publishing}
}

% 1.5 研究内容
@article{fisher1989boson,
  title = {Boson localization and the superfluid-insulator transition},
  author = {Fisher, Matthew P. A. and Weichman, Peter B. and Grinstein, G. and Fisher, Daniel S.},
  journal = {Phys. Rev. B},
  volume = {40},
  issue = {1},
  pages = {546--570},
  numpages = {0},
  year = {1989},
  month = {Jul},
  publisher = {American Physical Society}
}
@article{sachdev1999quantum,
  title={Quantum phase transitions},
  author={Sachdev, Subir},
  journal={Physics world},
  volume={12},
  number={4},
  pages={33},
  year={1999},
  publisher={IOP Publishing}
}
@article{freericks1994phase,
  title={Phase diagram of the Bose-Hubbard model},
  author={Freericks, JK and Monien, H},
  journal={Europhysics Letters},
  volume={26},
  number={7},
  pages={545},
  year={1994},
  publisher={IOP Publishing}
}

@article{pietraszewicz2012two,
  title = {Two-component Bose-Hubbard model with higher-angular-momentum states},
  author = {Pietraszewicz, Joanna and Sowi\ifmmode \acute{n}\else \'{n}\fi{}ski, Tomasz and Brewczyk, Miros\l{}aw and Zakrzewski, Jakub and Lewenstein, Maciej and Gajda, Mariusz},
  journal = {Phys. Rev. A},
  volume = {85},
  issue = {5},
  pages = {053638},
  numpages = {5},
  year = {2012},
  month = {May},
  publisher = {American Physical Society}
}
%32
@article{zhang2012strong,
  title = {Strong thermalization of the two-component Bose-Hubbard model at finite temperatures},
  author = {Zhang, J. M. and Shen, C. and Liu, W. M.},
  journal = {Phys. Rev. A},
  volume = {85},
  issue = {1},
  pages = {013637},
  numpages = {10},
  year = {2012},
  month = {Jan},
  publisher = {American Physical Society}
}
@article{guglielmino2011ising,
  title = {Ising antiferromagnet with ultracold bosonic mixtures confined in a harmonic trap},
  author = {Guglielmino, M. and Penna, V. and Capogrosso-Sansone, B.},
  journal = {Phys. Rev. A},
  volume = {84},
  issue = {3},
  pages = {031603},
  numpages = {4},
  year = {2011},
  month = {Sep},
  publisher = {American Physical Society}
}
@article{basak2021strongly,
  title = {Strongly interacting two-component coupled Bose gas in optical lattices},
  author = {Basak, Sagarika and Pu, Han},
  journal = {Phys. Rev. A},
  volume = {104},
  issue = {5},
  pages = {053326},
  numpages = {17},
  year = {2021},
  month = {Nov},
  publisher = {American Physical Society}
}
@article{colussi2022quantum,
  title={Quantum Gutzwiller approach for the two-component Bose-Hubbard model},
  author={Colussi, Victor and Caleffi, Fabio and Menotti, Chiara and Recati, Alessio},
  journal={SciPost Physics},
  volume={12},
  number={3},
  pages={111},
  year={2022}
}



%第二章
@article{Sheshadri1993,
year = {1993},
publisher = {},
volume = {22},
number = {4},
pages = {257},
author = {K. Sheshadri and H. R. Krishnamurthy and R. Pandit and T. V. Ramakrishnan},
title = {Superfluid and Insulating Phases in an Interacting-Boson Model: Mean-Field Theory and the RPA},
journal = {Europhysics Letters}
}
@article{Pai2012,
   title = {Bose-Hubbard models in confining potentials: Inhomogeneous mean-field theory},
  author = {Pai, Ramesh V. and Kurdestany, Jamshid Moradi and Sheshadri, K. and Pandit, Rahul},
  journal = {Phys. Rev. B},
  volume = {85},
  issue = {21},
  pages = {214524},
  numpages = {15},
  year = {2012},
  month = {Jun},
  publisher = {American Physical Society}
}
@article{krauth1992gutzwiller,
   title = {Gutzwiller wave function for a model of strongly interacting bosons},
  author = {Krauth, Werner and Caffarel, Michel and Bouchaud, Jean-Philippe},
  journal = {Phys. Rev. B},
  volume = {45},
  issue = {6},
  pages = {3137--3140},
  numpages = {0},
  year = {1992},
  month = {Feb},
  publisher = {American Physical Society}
}
@mastersthesis{comparin2013numerical,
  title={Numerical study of the trapped and extended Bose-Hubbard models},
  author={Comparin, Tommaso},
  year={2013}
}




% 第三章
@article{fazio2001quantum,
  title={Quantum phase transitions and vortex dynamics in superconducting networks},
  author={Fazio, Rosario and Van Der Zant, Herre},
  journal={Physics Reports},
  volume={355},
  number={4},
  pages={235--334},
  year={2001},
  publisher={Elsevier}
}
@article{cazalilla2011one,
  title={One dimensional bosons: From condensed matter systems to ultracold gases},
  author={Cazalilla, Miguel Angel and Citro, Roberta and Giamarchi, Thierry and Orignac, Edmond and Rigol, Marcos},
  journal={Reviews of Modern Physics},
  volume={83},
  number={4},
  pages={1405--1466},
  year={2011},
  publisher={APS}
}
@article{dalmonte2010one,
  title = {One-Dimensional Quantum Liquids with Power-Law Interactions: The Luttinger Staircase},
  author = {Dalmonte, M. and Pupillo, G. and Zoller, P.},
  journal = {Phys. Rev. Lett.},
  volume = {105},
  issue = {14},
  pages = {140401},
  numpages = {4},
  year = {2010},
  month = {Sep},
  publisher = {American Physical Society}
}
@article{bauer2012dipolar,
   title = {Dipolar Gases in Coupled One-Dimensional Lattices},
  author = {Bauer, Marianne and Parish, Meera M.},
  journal = {Phys. Rev. Lett.},
  volume = {108},
  issue = {25},
  pages = {255302},
  numpages = {5},
  year = {2012},
  month = {Jun},
  publisher = {American Physical Society}
}
@article{cornfeld2015chiral,
   title = {Chiral currents in one-dimensional fractional quantum Hall states},
  author = {Cornfeld, Eyal and Sela, Eran},
  journal = {Phys. Rev. B},
  volume = {92},
  issue = {11},
  pages = {115446},
  numpages = {12},
  year = {2015},
  month = {Sep},
  publisher = {American Physical Society}
}

@article{Luthra2008,
   title = {Phase diagram of a bosonic ladder with two coupled chains},
  author = {Luthra, Meetu Sethi and Mishra, Tapan and Pai, Ramesh V. and Das, B. P.},
  journal = {Phys. Rev. B},
  volume = {78},
  issue = {16},
  pages = {165104},
  numpages = {6},
  year = {2008},
  month = {Oct},
  publisher = {American Physical Society}
}
@article{Singh2014,
  title = {Quantum phases of attractive bosons on a Bose-Hubbard ladder with three-body constraint},
  author = {Singh, Manpreet and Mishra, Tapan and Pai, Ramesh V. and Das, B. P.},
  journal = {Phys. Rev. A},
  volume = {90},
  issue = {1},
  pages = {013625},
  numpages = {8},
  year = {2014},
  month = {Jul},
  publisher = {American Physical Society}
}

% chatgpt——84...

@article{orignac2001meissner,
    title = {Meissner effect in a bosonic ladder},
  author = {Orignac, E. and Giamarchi, T.},
  journal = {Phys. Rev. B},
  volume = {64},
  issue = {14},
  pages = {144515},
  numpages = {6},
  year = {2001},
  month = {Sep},
  publisher = {American Physical Society}
}
@article{dhar2012bose,
   title = {Bose-Hubbard model in a strong effective magnetic field: Emergence of a chiral Mott insulator ground state},
  author = {Dhar, Arya and Maji, Maheswar and Mishra, Tapan and Pai, R. V. and Mukerjee, Subroto and Paramekanti, Arun},
  journal = {Phys. Rev. A},
  volume = {85},
  issue = {4},
  pages = {041602},
  numpages = {4},
  year = {2012},
  month = {Apr},
  publisher = {American Physical Society}
}
@article{petrescu2013bosonic,
   title = {Bosonic Mott Insulator with Meissner Currents},
  author = {Petrescu, Alexandru and Le Hur, Karyn},
  journal = {Phys. Rev. Lett.},
  volume = {111},
  issue = {15},
  pages = {150601},
  numpages = {6},
  year = {2013},
  month = {Oct},
  publisher = {American Physical Society}
}
@article{atala2014observation,
  title={Observation of the Meissner effect with ultracold atoms in bosonic ladders},
  author={Atala, M and Aidelsburger, M and Lohse, M and Barreiro, JT and Paredes, B and Bloch, I},
  journal={arXiv preprint arXiv:1402.0819},
  year={2014}
}
@article{piraud2015vortex,
  title = {Vortex and Meissner phases of strongly interacting bosons on a two-leg ladder},
  author = {Piraud, M. and Heidrich-Meisner, F. and McCulloch, I. P. and Greschner, S. and Vekua, T. and Schollw\"ock, U.},
  journal = {Phys. Rev. B},
  volume = {91},
  issue = {14},
  pages = {140406},
  numpages = {5},
  year = {2015},
  month = {Apr},
  publisher = {American Physical Society}
}
@article{zheng2017chiral,
  title = {Chiral Bloch oscillation and nontrivial topology in a ladder lattice with magnetic flux},
  author = {Zheng, Yi and Feng, Shiping and Yang, Shi-Jie},
  journal = {Phys. Rev. A},
  volume = {96},
  issue = {6},
  pages = {063613},
  numpages = {8},
  year = {2017},
  month = {Dec},
  publisher = {American Physical Society}
}
@article{barbarino2018topological,
  title = {Topological phases in frustrated synthetic ladders with an odd number of legs},
  author = {Barbarino, Simone and Dalmonte, Marcello and Fazio, Rosario and Santoro, Giuseppe E.},
  journal = {Phys. Rev. A},
  volume = {97},
  issue = {1},
  pages = {013634},
  numpages = {7},
  year = {2018},
  month = {Jan},
  publisher = {American Physical Society}
}
@article{haller2020exploring,
   title = {Exploring helical phases of matter in bosonic ladders},
  author = {Haller, Andreas and Matsoukas-Roubeas, Apollonas S. and Pan, Yueting and Rizzi, Matteo and Burrello, Michele},
  journal = {Phys. Rev. Res.},
  volume = {2},
  issue = {4},
  pages = {043433},
  numpages = {20},
  year = {2020},
  month = {Dec},
  publisher = {American Physical Society}
}
@article{qiao2021quantum,
  title = {Quantum phases of interacting bosons on biased two-leg ladders with magnetic flux},
  author = {Qiao, Xin and Zhang, Xiao-Bo and Jian, Yue and Zhang, Ai-Xia and Yu, Zi-Fa and Xue, Ju-Kui},
  journal = {Phys. Rev. A},
  volume = {104},
  issue = {5},
  pages = {053323},
  numpages = {9},
  year = {2021},
  month = {Nov},
  publisher = {American Physical Society}
}
@article{sachdeva2017extended,
  title = {Extended Bose-Hubbard model for two-leg ladder systems in artificial magnetic fields},
  author = {Sachdeva, Rashi and Singh, Manpreet and Busch, Thomas},
  journal = {Phys. Rev. A},
  volume = {95},
  issue = {6},
  pages = {063601},
  numpages = {10},
  year = {2017},
  month = {Jun},
  publisher = {American Physical Society}
}
@article{li2020many,
  title = {Many-Body Chiral Edge Currents and Sliding Phases of Atomic Spin Waves in Momentum-Space Lattice},
  author = {Li, Yongqiang and Cai, Han and Wang, Da-wei and Li, Lin and Yuan, Jianmin and Li, Weibin},
  journal = {Phys. Rev. Lett.},
  volume = {124},
  issue = {14},
  pages = {140401},
  numpages = {7},
  year = {2020},
  month = {Apr},
  publisher = {American Physical Society}
}

@article{PhysRevLett.66.3144,
  title = {Localization in interacting, disordered, Bose systems},
  author = {Scalettar, Richard T. and Batrouni, Ghassan George and Zimanyi, Gergely T.},
  journal = {Phys. Rev. Lett.},
  volume = {66},
  issue = {24},
  pages = {3144--3147},
  numpages = {0},
  year = {1991},
  month = {Jun},
  publisher = {American Physical Society}
}
@article{PhysRevB.87.174501,
  title = {Chiral Mott insulator with staggered loop currents in the fully frustrated Bose-Hubbard model},
  author = {Dhar, Arya and Mishra, Tapan and Maji, Maheswar and Pai, R. V. and Mukerjee, Subroto and Paramekanti, Arun},
  journal = {Phys. Rev. B},
  volume = {87},
  issue = {17},
  pages = {174501},
  numpages = {13},
  year = {2013},
  month = {May},
  publisher = {American Physical Society}
}
@article{PhysRevA.102.013320,
  title = {Supersolid phase of the extended Bose-Hubbard model with an artificial gauge field},
  author = {Suthar, K. and Sable, Hrushikesh and Bai, Rukmani and Bandyopadhyay, Soumik and Pal, Sukla and Angom, D.},
  journal = {Phys. Rev. A},
  volume = {102},
  issue = {1},
  pages = {013320},
  numpages = {11},
  year = {2020},
  month = {Jul},
  publisher = {American Physical Society}
}
@article{PhysRevA.101.063624,
  title = {Mott insulator phases of nonlocally coupled bosons in bilayer optical superlattices},
  author = {Lahiri, Sayan and Mondal, Suman and Singh, Manpreet and Mishra, Tapan},
  journal = {Phys. Rev. A},
  volume = {101},
  issue = {6},
  pages = {063624},
  numpages = {11},
  year = {2020},
  month = {Jun},
  publisher = {American Physical Society}
}
@article{PhysRevB.103.134513,
  title = {Clustered superfluids in the one-dimensional Bose-Hubbard model with extended correlated hopping},
  author = {Stasi\ifmmode \acute{n}\else \'{n}\fi{}ska, Julia and Dutta, Omjyoti and Barbiero, Luca and Lewenstein, Maciej and Chhajlany, Ravindra W.},
  journal = {Phys. Rev. B},
  volume = {103},
  issue = {13},
  pages = {134513},
  numpages = {10},
  year = {2021},
  month = {Apr},
  publisher = {American Physical Society}
}
@article{PhysRevLett.89.040402,
  title = {Creation of a Molecular Condensate by Dynamically Melting a Mott Insulator},
  author = {Jaksch, D. and Venturi, V. and Cirac, J. I. and Williams, C. J. and Zoller, P.},
  journal = {Phys. Rev. Lett.},
  volume = {89},
  issue = {4},
  pages = {040402},
  numpages = {4},
  year = {2002},
  month = {Jul},
  publisher = {American Physical Society}
}
@article{PhysRevB.106.224514,
  title = {Excitation spectra of strongly interacting bosons in the flat-band Lieb lattice},
  author = {Grygiel, B. and Patucha, K.},
  journal = {Phys. Rev. B},
  volume = {106},
  issue = {22},
  pages = {224514},
  numpages = {9},
  year = {2022},
  month = {Dec},
  publisher = {American Physical Society}
}
@article{PhysRevA.87.043611,
  title = {Mean-field dynamics to negative absolute temperatures in the Bose-Hubbard model},
  author = {Rapp, \'Akos},
  journal = {Phys. Rev. A},
  volume = {87},
  issue = {4},
  pages = {043611},
  numpages = {10},
  year = {2013},
  month = {Apr},
  publisher = {American Physical Society}
}
@article{PhysRevA.101.013427,
  title = {Quench dynamics of Rydberg-dressed bosons on two-dimensional square lattices},
  author = {Zhou, Yijia and Li, Yongqiang and Nath, Rejish and Li, Weibin},
  journal = {Phys. Rev. A},
  volume = {101},
  issue = {1},
  pages = {013427},
  numpages = {10},
  year = {2020},
  month = {Jan},
  publisher = {American Physical Society}
}
@article{PhysRevA.84.033602,
  title = {Excitation dynamics in a lattice Bose gas within the time-dependent Gutzwiller mean-field approach},
  author = {Krutitsky, Konstantin V. and Navez, Patrick},
  journal = {Phys. Rev. A},
  volume = {84},
  issue = {3},
  pages = {033602},
  numpages = {15},
  year = {2011},
  month = {Sep},
  publisher = {American Physical Society}
}
@article{Trefzger_2011,
year = {2011},
month = {sep},
publisher = {},
volume = {44},
number = {19},
pages = {193001},
author = {Trefzger, C and Menotti, C and Capogrosso-Sansone, B and Lewenstein, M},
title = {Ultracold dipolar gases in optical lattices},
journal = {Journal of Physics B: Atomic, Molecular and Optical Physics}
}
@article{PhysRevB.84.054302,
  title = {Finite-temperature study of bosons in a two-dimensional optical lattice},
  author = {Mahmud, K. W. and Duchon, E. N. and Kato, Y. and Kawashima, N. and Scalettar, R. T. and Trivedi, N.},
  journal = {Phys. Rev. B},
  volume = {84},
  issue = {5},
  pages = {054302},
  numpages = {13},
  year = {2011},
  month = {Aug},
  publisher = {American Physical Society}
}
@article{duan2003controlling,
  title = {Controlling Spin Exchange Interactions of Ultracold Atoms in Optical Lattices},
  author = {Duan, L.-M. and Demler, E. and Lukin, M. D.},
  journal = {Phys. Rev. Lett.},
  volume = {91},
  issue = {9},
  pages = {090402},
  numpages = {4},
  year = {2003},
  month = {Aug},
  publisher = {American Physical Society}
}

@article{Ejima_2011,
year = {2011},
month = {feb},
publisher = {},
volume = {93},
number = {3},
pages = {30002},
author = {Ejima, S. and Fehske, H. and Gebhard, F.},
title = {Dynamic properties of the one-dimensional Bose-Hubbard model},
journal = {Europhysics Letters}
}



% 第四章

@article{stoferle2004transition,
  title = {Transition from a Strongly Interacting 1D Superfluid to a Mott Insulator},
  author = {St\"oferle, Thilo and Moritz, Henning and Schori, Christian and K\"ohl, Michael and Esslinger, Tilman},
  journal = {Phys. Rev. Lett.},
  volume = {92},
  issue = {13},
  pages = {130403},
  numpages = {4},
  year = {2004},
  month = {Mar},
  publisher = {American Physical Society}
}
@article{folling2006formation,
  title = {Formation of Spatial Shell Structure in the Superfluid to Mott Insulator Transition},
  author = {F\"olling, Simon and Widera, Artur and M\"uller, Torben and Gerbier, Fabrice and Bloch, Immanuel},
  journal = {Phys. Rev. Lett.},
  volume = {97},
  issue = {6},
  pages = {060403},
  numpages = {4},
  year = {2006},
  month = {Aug},
  publisher = {American Physical Society}
}
@article{spielman2007mott,
  title = {Mott-Insulator Transition in a Two-Dimensional Atomic Bose Gas},
  author = {Spielman, I. B. and Phillips, W. D. and Porto, J. V.},
  journal = {Phys. Rev. Lett.},
  volume = {98},
  issue = {8},
  pages = {080404},
  numpages = {4},
  year = {2007},
  month = {Feb},
  publisher = {American Physical Society}
}
@article{lin2011spin,
  title={Spin--orbit-coupled Bose--Einstein condensates},
  author={Lin, Y-J and Jim{\'e}nez-Garc{\'\i}a, K and Spielman, Ian B},
  journal={Nature},
  volume={471},
  number={7336},
  pages={83--86},
  year={2011},
  publisher={Nature Publishing Group UK London}
}
@article{capogrosso2007phase,
  title = {Phase diagram and thermodynamics of the three-dimensional Bose-Hubbard model},
  author = {Capogrosso-Sansone, B. and Prokof'ev, N. V. and Svistunov, B. V.},
  journal = {Phys. Rev. B},
  volume = {75},
  issue = {13},
  pages = {134302},
  numpages = {10},
  year = {2007},
  month = {Apr},
  publisher = {American Physical Society}
}

@article{sengupta2007quantum,
  title = {Quantum Glass Phases in the Disordered Bose-Hubbard Model},
  author = {Sengupta, Pinaki and Haas, Stephan},
  journal = {Phys. Rev. Lett.},
  volume = {99},
  issue = {5},
  pages = {050403},
  numpages = {4},
  year = {2007},
  month = {Aug},
  publisher = {American Physical Society}
}
@article{iskin2011route,
   title = {Route to supersolidity for the extended Bose-Hubbard model},
  author = {Iskin, M.},
  journal = {Phys. Rev. A},
  volume = {83},
  issue = {5},
  pages = {051606},
  numpages = {4},
  year = {2011},
  month = {May},
  publisher = {American Physical Society}
}
@article{zhang2012observation,
  title={Observation of quantum criticality with ultracold atoms in optical lattices},
  author={Zhang, Xibo and Hung, Chen-Lung and Tung, Shih-Kuang and Chin, Cheng},
  journal={Science},
  volume={335},
  number={6072},
  pages={1070--1072},
  year={2012},
  publisher={American Association for the Advancement of Science}
}

@article{gardas2017dynamics,
   title = {Dynamics of the quantum phase transition in the one-dimensional Bose-Hubbard model: Excitations and correlations induced by a quench},
  author = {Gardas, Bart\l{}omiej and Dziarmaga, Jacek and Zurek, Wojciech H.},
  journal = {Phys. Rev. B},
  volume = {95},
  issue = {10},
  pages = {104306},
  numpages = {11},
  year = {2017},
  month = {Mar},
  publisher = {American Physical Society}
}
@article{mansikkamaki2021phases,
  title = {Phases of the disordered Bose-Hubbard model with attractive interactions},
  author = {Mansikkam\"aki, Olli and Laine, Sami and Silveri, Matti},
  journal = {Phys. Rev. B},
  volume = {103},
  issue = {22},
  pages = {L220202},
  numpages = {7},
  year = {2021},
  month = {Jun},
  publisher = {American Physical Society}
}
@article{zechmann2023fractonic,
  title = {Fractonic Luttinger liquids and supersolids in a constrained Bose-Hubbard model},
  author = {Zechmann, Philip and Altman, Ehud and Knap, Michael and Feldmeier, Johannes},
  journal = {Phys. Rev. B},
  volume = {107},
  issue = {19},
  pages = {195131},
  numpages = {16},
  year = {2023},
  month = {May},
  publisher = {American Physical Society}
}

@article{gadway2010superfluidity,
  title = {Superfluidity of Interacting Bosonic Mixtures in Optical Lattices},
  author = {Gadway, Bryce and Pertot, Daniel and Reimann, Ren\'e and Schneble, Dominik},
  journal = {Phys. Rev. Lett.},
  volume = {105},
  issue = {4},
  pages = {045303},
  numpages = {4},
  year = {2010},
  month = {Jul},
  publisher = {American Physical Society}
}
@article{jaksch1998cold,
  title = {Cold Bosonic Atoms in Optical Lattices},
  author = {Jaksch, D. and Bruder, C. and Cirac, J. I. and Gardiner, C. W. and Zoller, P.},
  journal = {Phys. Rev. Lett.},
  volume = {81},
  issue = {15},
  pages = {3108--3111},
  numpages = {0},
  year = {1998},
  month = {Oct},
  publisher = {American Physical Society}
}

@article{kuklov2004commensurate,
  title = {Commensurate Two-Component Bosons in an Optical Lattice: Ground State Phase Diagram},
  author = {Kuklov, Anatoly and Prokof'ev, Nikolay and Svistunov, Boris},
  journal = {Phys. Rev. Lett.},
  volume = {92},
  issue = {5},
  pages = {050402},
  numpages = {4},
  year = {2004},
  month = {Feb},
  publisher = {American Physical Society}
}
@article{kuklov2003counterflow,
   title = {Counterflow Superfluidity of Two-Species Ultracold Atoms in a Commensurate Optical Lattice},
  author = {Kuklov, A. B. and Svistunov, B. V.},
  journal = {Phys. Rev. Lett.},
  volume = {90},
  issue = {10},
  pages = {100401},
  numpages = {4},
  year = {2003},
  month = {Mar},
  publisher = {American Physical Society}
}
@article{altman2003phase,
  title={Phase diagram of two-component bosons on an optical lattice},
  author={Altman, Ehud and Hofstetter, Walter and Demler, Eugene and Lukin, Mikhail D},
  journal={New Journal of Physics},
  volume={5},
  number={1},
  pages={113},
  year={2003},
  publisher={IOP Publishing}
}
@article{isacsson2005superfluid,
  title = {Superfluid-insulator transitions of two-species bosons in an optical lattice},
  author = {Isacsson, A. and Cha, Min-Chul and Sengupta, K. and Girvin, S. M.},
  journal = {Phys. Rev. B},
  volume = {72},
  issue = {18},
  pages = {184507},
  numpages = {12},
  year = {2005},
  month = {Nov},
  publisher = {American Physical Society}
}
@article{hubener2009magnetic,
  title = {Magnetic phases of two-component ultracold bosons in an optical lattice},
  author = {Hubener, A. and Snoek, M. and Hofstetter, W.},
  journal = {Phys. Rev. B},
  volume = {80},
  issue = {24},
  pages = {245109},
  numpages = {6},
  year = {2009},
  month = {Dec},
  publisher = {American Physical Society}
}
@article{hu2009counterflow,
  title = {Counterflow and paired superfluidity in one-dimensional Bose mixtures in optical lattices},
  author = {Hu, Anzi and Mathey, L. and Danshita, Ippei and Tiesinga, Eite and Williams, Carl J. and Clark, Charles W.},
  journal = {Phys. Rev. A},
  volume = {80},
  issue = {2},
  pages = {023619},
  numpages = {13},
  year = {2009},
  month = {Aug},
  publisher = {American Physical Society}
}

% 非背景
@article{Altman_2003,
year = {2003},
month = {sep},
publisher = {},
volume = {5},
number = {1},
pages = {113},
author = {Altman, Ehud and Hofstetter, Walter and Demler, Eugene and Lukin, Mikhail D},
title = {Phase diagram of two-component bosons on an optical lattice},
journal = {New Journal of Physics}
}

@article{PhysRevA.76.013604,
  title = {Phase separation in a two-species Bose mixture},
  author = {Mishra, Tapan and Pai, Ramesh V. and Das, B. P.},
  journal = {Phys. Rev. A},
  volume = {76},
  issue = {1},
  pages = {013604},
  numpages = {6},
  year = {2007},
  month = {Jul},
  publisher = {American Physical Society}
}
@article{PhysRevA.102.043309,
  title = {Segregated quantum phases of dipolar bosonic mixtures in two-dimensional optical lattices},
  author = {Bai, Rukmani and Gaur, Deepak and Sable, Hrushikesh and Bandyopadhyay, Soumik and Suthar, K. and Angom, D.},
  journal = {Phys. Rev. A},
  volume = {102},
  issue = {4},
  pages = {043309},
  numpages = {15},
  year = {2020},
  month = {Oct},
  publisher = {American Physical Society}
}

@article{PhysRevA.100.053623,
  title = {Quantum phases of canted dipolar bosons in a two-dimensional square optical lattice},
  author = {Bandyopadhyay, Soumik and Bai, Rukmani and Pal, Sukla and Suthar, K. and Nath, Rejish and Angom, D.},
  journal = {Phys. Rev. A},
  volume = {100},
  issue = {5},
  pages = {053623},
  numpages = {10},
  year = {2019},
  month = {Nov},
  publisher = {American Physical Society}
}

@article{PhysRevLett.120.230401,
  title = {Tuning the Dipole-Dipole Interaction in a Quantum Gas with a Rotating Magnetic Field},
  author = {Tang, Yijun and Kao, Wil and Li, Kuan-Yu and Lev, Benjamin L.},
  journal = {Phys. Rev. Lett.},
  volume = {120},
  issue = {23},
  pages = {230401},
  numpages = {5},
  year = {2018},
  month = {Jun},
  publisher = {American Physical Society}
}



@article{PhysRevB.99.195126,
  title = {Thermal transitions of the modulated superfluid for spin-orbit coupled correlated bosons in an optical lattice},
  author = {Dutta, Arijit and Joshi, Abhishek and Sengupta, K. and Majumdar, Pinaki},
  journal = {Phys. Rev. B},
  volume = {99},
  issue = {19},
  pages = {195126},
  numpages = {11},
  year = {2019},
  month = {May},
  publisher = {American Physical Society}
}
@article{PhysRevA.104.043320,
  title = {Spin-orbit-coupling driven superfluid states in optical lattices at zero and finite temperatures},
  author = {Suthar, Kuldeep and Kaur, Pardeep and Gautam, Sandeep and Angom, Dilip},
  journal = {Phys. Rev. A},
  volume = {104},
  issue = {4},
  pages = {043320},
  numpages = {10},
  year = {2021},
  month = {Oct},
  publisher = {American Physical Society}
}
@article{PhysRevLett.92.050402,
  title = {Commensurate Two-Component Bosons in an Optical Lattice: Ground State Phase Diagram},
  author = {Kuklov, Anatoly and Prokof'ev, Nikolay and Svistunov, Boris},
  journal = {Phys. Rev. Lett.},
  volume = {92},
  issue = {5},
  pages = {050402},
  numpages = {4},
  year = {2004},
  month = {Feb},
  publisher = {American Physical Society}
}

@article{Song_2020,
year = {2020},
month = {jul},
publisher = {IOP Publishing},
volume = {22},
number = {7},
pages = {073001},
author = {Song, Ya-Fei and Yang, Shi-Jie},
title = {Quantum phases for bosons in a magnetic lattice with a harmonic trap},
journal = {New Journal of Physics}
}

@article{guglielmino2010mott,
  title = {Mott-insulator--to--superfluid transition in Bose-Bose mixtures in a two-dimensional lattice},
  author = {Guglielmino, M. and Penna, V. and Capogrosso-Sansone, B.},
  journal = {Phys. Rev. A},
  volume = {82},
  issue = {2},
  pages = {021601},
  numpages = {4},
  year = {2010},
  month = {Aug},
  publisher = {American Physical Society}
}
@article{ohgoe2011quantum,
  title = {Quantum Monte Carlo method for pairing phenomena: Supercounterfluid of two-species Bose gases in optical lattices},
  author = {Ohgoe, Takahiro and Kawashima, Naoki},
  journal = {Phys. Rev. A},
  volume = {83},
  issue = {2},
  pages = {023622},
  numpages = {4},
  year = {2011},
  month = {Feb},
  publisher = {American Physical Society}
}
@article{de2011ground,
  title = {Ground-state phase diagram of spin-$\frac{1}{2}$ bosons in a two-dimensional optical lattice},
  author = {de Forges de Parny, L. and H\'ebert, F. and Rousseau, V. G. and Scalettar, R. T. and Batrouni, G. G.},
  journal = {Phys. Rev. B},
  volume = {84},
  issue = {6},
  pages = {064529},
  numpages = {9},
  year = {2011},
  month = {Aug},
  publisher = {American Physical Society}
}
@article{de2017quantum,
  title = {Quantum and thermal phase transitions in a bosonic atom-molecule mixture in a two-dimensional optical lattice},
  author = {de Forges de Parny, L. and Rousseau, V. G.},
  journal = {Phys. Rev. A},
  volume = {95},
  issue = {1},
  pages = {013606},
  numpages = {11},
  year = {2017},
  month = {Jan},
  publisher = {American Physical Society}
}

@article{li2012tensor,
  title = {Tensor network states and ground-state fidelity for quantum spin ladders},
  author = {Li, Sheng-Hao and Shi, Qian-Qian and Su, Yao-Heng and Liu, Jin-Hua and Dai, Yan-Wei and Zhou, Huan-Qiang},
  journal = {Phys. Rev. B},
  volume = {86},
  issue = {6},
  pages = {064401},
  numpages = {12},
  year = {2012},
  month = {Aug},
  publisher = {American Physical Society}
}
@article{PhysRevB.106.064511,
  title = {Dipolar Bose-Hubbard model},
  author = {Lake, Ethan and Hermele, Michael and Senthil, T.},
  journal = {Phys. Rev. B},
  volume = {106},
  issue = {6},
  pages = {064511},
  numpages = {14},
  year = {2022},
  month = {Aug},
  publisher = {American Physical Society}
}

@article{PhysRevB.107.195132,
  title = {Dipole condensates in tilted Bose-Hubbard chains},
  author = {Lake, Ethan and Lee, Hyun-Yong and Han, Jung Hoon and Senthil, T.},
  journal = {Phys. Rev. B},
  volume = {107},
  issue = {19},
  pages = {195132},
  numpages = {20},
  year = {2023},
  month = {May},
  publisher = {American Physical Society}
}

@article{andrei2021marvels,
  title={The marvels of moir{\'e} materials},
  author={Andrei, Eva Y and Efetov, Dmitri K and Jarillo-Herrero, Pablo and MacDonald, Allan H and Mak, Kin Fai and Senthil, T and Tutuc, Emanuel and Yazdani, Ali and Young, Andrea F},
  journal={Nature Reviews Materials},
  volume={6},
  number={3},
  pages={201--206},
  year={2021},
  publisher={Nature Publishing Group UK London}
}


@article{PhysRevB.107.195131,
  title = {Fractonic Luttinger liquids and supersolids in a constrained Bose-Hubbard model},
  author = {Zechmann, Philip and Altman, Ehud and Knap, Michael and Feldmeier, Johannes},
  journal = {Phys. Rev. B},
  volume = {107},
  issue = {19},
  pages = {195131},
  numpages = {16},
  year = {2023},
  month = {May},
  publisher = {American Physical Society}
}


@article{PhysRevB.109.125137,
  title = {Dynamical spectral response of fractonic quantum matter},
  author = {Zechmann, Philip and Boesl, Julian and Feldmeier, Johannes and Knap, Michael},
  journal = {Phys. Rev. B},
  volume = {109},
  issue = {12},
  pages = {125137},
  numpages = {10},
  year = {2024},
  month = {Mar},
  publisher = {American Physical Society}
}

@article{PhysRevX.10.011047,
  title = {Ergodicity Breaking Arising from Hilbert Space Fragmentation in Dipole-Conserving Hamiltonians},
  author = {Sala, Pablo and Rakovszky, Tibor and Verresen, Ruben and Knap, Michael and Pollmann, Frank},
  journal = {Phys. Rev. X},
  volume = {10},
  issue = {1},
  pages = {011047},
  numpages = {19},
  year = {2020},
  month = {Feb},
  publisher = {American Physical Society}
}

@article{2012Cole,
  title = {Bose-Hubbard Models with Synthetic Spin-Orbit Coupling: Mott Insulators, Spin Textures, and Superfluidity},
  author = {Cole, William S. and Zhang, Shizhong and Paramekanti, Arun and Trivedi, Nandini},
  journal = {Phys. Rev. Lett.},
  volume = {109},
  issue = {8},
  pages = {085302},
  numpages = {5},
  year = {2012},
  month = {Aug},
  publisher = {American Physical Society}
}

@article{PhysRevB.108.054518,
  title = {Formation of paired phases of bosons and their excitations in a square lattice},
  author = {Malakar, Manali and Sinha, Sudip and Sinha, S.},
  journal = {Phys. Rev. B},
  volume = {108},
  issue = {5},
  pages = {054518},
  numpages = {13},
  year = {2023},
  month = {Aug},
  publisher = {American Physical Society}
}

@article{PhysRevB.77.235106,
  title = {Correlated bosons on a lattice: Dynamical mean-field theory for Bose-Einstein condensed and normal phases},
  author = {Byczuk, Krzysztof and Vollhardt, Dieter},
  journal = {Phys. Rev. B},
  volume = {77},
  issue = {23},
  pages = {235106},
  numpages = {14},
  year = {2008},
  month = {Jun},
  publisher = {American Physical Society}
}

@article{PhysRevA.95.033603,
  title = {Superfluidity in the absence of kinetics in spin-orbit-coupled optical lattices},
  author = {Hui, Hoi-Yin and Zhang, Yongping and Zhang, Chuanwei and Scarola, V. W.},
  journal = {Phys. Rev. A},
  volume = {95},
  issue = {3},
  pages = {033603},
  numpages = {7},
  year = {2017},
  month = {Mar},
  publisher = {American Physical Society}
}
